<?xml version="1.0" encoding="UTF-8"?><collection xmlns="http://www.loc.gov/MARC21/slim"><record><leader>00632nam--2200193-i-4500</leader><controlfield tag="001">000013933</controlfield><controlfield tag="002">20161230</controlfield><controlfield tag="005">20161230201030</controlfield><controlfield tag="008">060222s1000------------r-----000-0-rum-d</controlfield><datafield ind1=" " ind2=" " tag="040"><subfield code="a">IFIN-HH</subfield></datafield><datafield ind1=" " ind2=" " tag="041"><subfield code="a">rum</subfield></datafield><datafield ind1=" " ind2=" " tag="080"><subfield code="a">539.23:538.93(043)</subfield></datafield><datafield ind1="1" ind2=" " tag="100"><subfield code="a">Ciurea, Magdalena Lidia</subfield></datafield><datafield ind1="1" ind2="0" tag="245"><subfield code="a">Studiul influentei abaterii de la reteaua ordo nata asupra proprietatilor de transport in conditii de echilibru si neechilibru</subfield><subfield code="b">Teza</subfield><subfield code="c">Magdalena lidia ciurea</subfield></datafield><datafield ind1=" " ind2=" " tag="260"><subfield code="a">Bucuresti</subfield><subfield code="b">Iftm</subfield><subfield code="c">1981</subfield></datafield><datafield ind1=" " ind2=" " tag="300"><subfield code="a">119 P</subfield></datafield><datafield ind1=" " ind2=" " tag="502"><subfield code="a">Conductor Stiintific: Dr.Doc. Radu Grigorovici</subfield></datafield><datafield ind1=" " ind2=" " tag="852"><subfield code="a">49325</subfield><subfield code="c">539.23</subfield></datafield><datafield ind1=" " ind2=" " tag="CAT"><subfield code="a">Sys</subfield><subfield code="c">20121218</subfield><subfield code="h">162509</subfield></datafield></record></collection>